@misc{knuthesis2015,
  author = "Seon Ho Oh",
  title = "\mbox{KNU Thesis Template}",
  year = "2015",
  url = "https://github.com/seonho/KNU-Thesis"
}